% Encoding: ISO-8859-1

@article{alSurvey,
	title={Active Learning Literature Survey},
	author={Burr Settles},
	journal={Computer Sciences Technical Report 1648},
	publisher={University of Wisconsinâ€“Madison}
	year={2010},
}

@inproceedings{LewisandGale1994,
	title={A sequential algorithm for training text classifiers},
	author={D. Lewis and W. Gale},
	booktitle={ACM SIGIR Conference on Research and Development in Information Retrieval},
	pages={3-12},
	publisher={ACM Springer}
	year={1994}
}


@unpublished{wiki,
	title={Active learning (machine learning)},
	note={\url{https://en.wikipedia.org/wiki/Active_learning_(machine_learning)}},
}

@article{ALuncertantDense,
	author={J. {Zhu} and H. {Wang} and B. K. {Tsou} and M. {Ma}},
	journal={IEEE Transactions on Audio, Speech, and Language Processing}, 
	title={Active Learning With Sampling by Uncertainty and Density for Data Annotations}, 
	year={2010},
	volume={18},
	number={6},
	pages={1323-1331},
	doi={10.1109/TASL.2009.2033421}
}

@Comment{jabref-meta: databaseType:bibtex;}