% Encoding: ISO-8859-1

@unpublished{llvm,
title={LLVM Language Reference Manual},
note={\url{https://releases.llvm.org/2.6/docs/LangRef.html}},
}