% Encoding: ISO-8859-1

@article{freund1997decision,
  title={A decision-theoretic generalization of on-line learning and an application to boosting},
  author={Freund, Yoav and Schapire, Robert E},
  journal={Journal of Computer and System Sciences},
  volume={55},
  number={1},
  pages={119--139},
  year={1997},
  publisher={Elsevier}
}

@unpublished{blog,
title={A (small) introduction to Boosting},
author={Sachin Joglekar},
note={\url{https://codesachin.wordpress.com/tag/adaboost/}},
}

@unpublished{wiki,
title={sklearn.ensemble.{A}da{B}oost{R}egressor},
note={\url{https://scikit-learn.org/stable/modules/generated/sklearn.ensemble.AdaBoostRegressor.html}},
}

@unpublished{scikit,
title={AdaBoost -- {W}ikipedia},
note={\url{https://en.wikipedia.org/wiki/AdaBoost}},
}

@unpublished{mult_weights,
title={The Reasonable Effectiveness of the Multiplicative Weights Update Algorithm},
\author={Jeremy Kun},
note={\url{https://jeremykun.com/2017/02/27/the-reasonable-effectiveness-of-the-multiplicative-weights-update-algorithm/}},
}

@article{schapire1998boosting,
  title={Boosting the margin: A new explanation for the effectiveness of voting methods},
  author={Schapire, Robert E and Freund, Yoav and Bartlett, Peter and Lee, Wee Sun and others},
  journal={The Annals of Statistics},
  volume={26},
  number={5},
  pages={1651--1686},
  year={1998},
  publisher={Institute of Mathematical Statistics}
}

@inproceedings{saberian2011multiclass,
  title={Multiclass boosting: Theory and algorithms},
  author={Saberian, Mohammad J and Vasconcelos, Nuno},
  booktitle={Advances in Neural Information Processing Systems},
  pages={2124--2132},
  year={2011}
}

@book{bishop2006pattern,
  title={Pattern recognition and machine learning},
  author={Bishop, Christopher M},
  year={2006},
  publisher={springer}
}

@Comment{jabref-meta: databaseType:bibtex;}
